@Book{xie2015,
  title = {Package as Analysis},
  author = {Joshua H Cook},
  address = {Boston, Massachusetts},
  year = {2019},
  edition = {1st},
  url = {https://github.com/jhrcook/package-as-analysis},
}
